<?xml version="1.0" encoding="UTF-8"?><collection xmlns="http://www.loc.gov/MARC21/slim"><record><leader>00292nam--2200121-i-4500</leader><controlfield tag="001">000026698</controlfield><controlfield tag="002">20161230</controlfield><controlfield tag="005">20161230201036</controlfield><controlfield tag="008">060222s1000------------r-----000-0-eng-d</controlfield><datafield ind1=" " ind2=" " tag="080"><subfield code="a">2(043)</subfield></datafield><datafield ind1=" " ind2=" " tag="100"><subfield code="a">Klein, Klaus</subfield></datafield><datafield ind1=" " ind2=" " tag="260"><subfield code="a">Wurzburg, Julius-maximilians-universitat, 1985, 378p</subfield></datafield><datafield ind1=" " ind2=" " tag="852"><subfield code="a">73046</subfield></datafield></record></collection>